<marcxml:record xmlns:marcxml="http://www.loc.gov/MARC21/slim" xmlns:idx="info:lc/xq-modules/lcindex" xmlns:madsrdf="http://www.loc.gov/mads/rdf/v1#" xmlns:ri="http://id.loc.gov/ontologies/RecordInfo#" xmlns:xlink="http://www.w3.org/1999/xlink" xmlns:rdf="http://www.w3.org/1999/02/22-rdf-syntax-ns#" xmlns:mets="http://www.loc.gov/METS/" xmlns:semtriples="http://marklogic.com/semantic" xmlns:xsi="http://www.w3.org/2001/XMLSchema-instance" xmlns:streams="info:lc/streams#">
            <marcxml:leader>01284cz  a2200289n  4500</marcxml:leader>
            <marcxml:controlfield tag="001">n80123342</marcxml:controlfield>
            <marcxml:controlfield tag="003">DLC</marcxml:controlfield>
            <marcxml:controlfield tag="005">20161105073908.0</marcxml:controlfield>
            <marcxml:controlfield tag="008">800930n| azannaabn          |a ana      </marcxml:controlfield>
            <marcxml:datafield tag="010" ind1=" " ind2=" ">
              <marcxml:subfield code="a">n  80123342 </marcxml:subfield>
              <marcxml:subfield code="z">n  83062589 </marcxml:subfield>
            </marcxml:datafield>
            <marcxml:datafield tag="034" ind1=" " ind2=" ">
              <marcxml:subfield code="d">E0052000</marcxml:subfield>
              <marcxml:subfield code="e">E0052000</marcxml:subfield>
              <marcxml:subfield code="f">N0453000</marcxml:subfield>
              <marcxml:subfield code="g">N0453000</marcxml:subfield>
              <marcxml:subfield code="2">geonames</marcxml:subfield>
            </marcxml:datafield>
            <marcxml:datafield tag="035" ind1=" " ind2=" ">
              <marcxml:subfield code="a">(OCoLC)oca00503896</marcxml:subfield>
            </marcxml:datafield>
            <marcxml:datafield tag="040" ind1=" " ind2=" ">
              <marcxml:subfield code="a">DLC</marcxml:subfield>
              <marcxml:subfield code="b">eng</marcxml:subfield>
              <marcxml:subfield code="e">rda</marcxml:subfield>
              <marcxml:subfield code="c">DLC</marcxml:subfield>
              <marcxml:subfield code="d">DLC</marcxml:subfield>
              <marcxml:subfield code="d">NIC</marcxml:subfield>
              <marcxml:subfield code="d">OCoLC</marcxml:subfield>
              <marcxml:subfield code="d">CSt</marcxml:subfield>
            </marcxml:datafield>
            <marcxml:datafield tag="043" ind1=" " ind2=" ">
              <marcxml:subfield code="a">e-fr---</marcxml:subfield>
            </marcxml:datafield>
            <marcxml:datafield tag="151" ind1=" " ind2=" ">
              <marcxml:subfield code="a">Rhône-Alpes (France)</marcxml:subfield>
            </marcxml:datafield>
            <marcxml:datafield tag="410" ind1="1" ind2=" ">
              <marcxml:subfield code="a">Rhône-Alpes (France).</marcxml:subfield>
              <marcxml:subfield code="b">Etablissement public régional</marcxml:subfield>
            </marcxml:datafield>
            <marcxml:datafield tag="451" ind1=" " ind2=" ">
              <marcxml:subfield code="a">Région Rhône-Alpes (France)</marcxml:subfield>
            </marcxml:datafield>
            <marcxml:datafield tag="451" ind1=" " ind2=" ">
              <marcxml:subfield code="a">Circonscription d'action régionale Rhône-Alpes (France)</marcxml:subfield>
            </marcxml:datafield>
            <marcxml:datafield tag="451" ind1=" " ind2=" ">
              <marcxml:subfield code="a">Etablissement public régional Rhône Alpes (France)</marcxml:subfield>
            </marcxml:datafield>
            <marcxml:datafield tag="667" ind1=" " ind2=" ">
              <marcxml:subfield code="a">Old catalog heading: Rhône-Alpes, France</marcxml:subfield>
            </marcxml:datafield>
            <marcxml:datafield tag="670" ind1=" " ind2=" ">
              <marcxml:subfield code="a">BGN, 9/25/74</marcxml:subfield>
              <marcxml:subfield code="b">(Rhône-Alpes, economic region, 45°30ʹN, 5°20ʹE)</marcxml:subfield>
            </marcxml:datafield>
            <marcxml:datafield tag="670" ind1=" " ind2=" ">
              <marcxml:subfield code="a">Bottin admin., 1981:</marcxml:subfield>
              <marcxml:subfield code="b">p. 1012 (Admin. régionale: Rhône-Alpes; capital, Lyon; comprises depts. of Ain, Ardèche, Drôme, Isère, Loire, Rhône, Savoie, and Haute-Savoie)</marcxml:subfield>
            </marcxml:datafield>
            <marcxml:datafield tag="670" ind1=" " ind2=" ">
              <marcxml:subfield code="a">Alibert, J.-L. Production de la ville ... 1982:</marcxml:subfield>
              <marcxml:subfield code="b">cover (Etablissement public régional Rhône Alpes)</marcxml:subfield>
            </marcxml:datafield>
            <marcxml:datafield tag="670" ind1=" " ind2=" ">
              <marcxml:subfield code="a">GeoNames, algorithmically matched, 2009</marcxml:subfield>
              <marcxml:subfield code="b">(unknown; 45°30ʹ00ʺN 005°20ʹ00ʺE)</marcxml:subfield>
            </marcxml:datafield>
            <marcxml:datafield tag="781" ind1=" " ind2="0">
              <marcxml:subfield code="z">France</marcxml:subfield>
              <marcxml:subfield code="z">Rhône-Alpes</marcxml:subfield>
            </marcxml:datafield>
          </marcxml:record>
